%%%%%%%%%%%%%%%%%%%%%%%%%%%%%%%%%%%%%%%%%%%%%%%%%%
%
%
%
% 	i.mitchell@mdx.ac.uk
%	Blockchain Bibliography
%	Updated: May 2019
%
%
%%%%%%%%%%%%%%%%%%%%%%%%%%%%%%%%%%%%%%%%%%%%%%%%%%
%%AAA
@book{antonopoulos:2017,
	title		= {Mastering Bitcoin},
	author		= {Andreas M. Antonopoulos},
	edition		= {2nd},
	publisher	= {O'Reilly},
	year		= {2017}
}



%%BBB
@inproceedings{bastiaan2015preventing,
  title			={Preventing the 51\%-attack: a stochastic analysis of two phase proof of work in bitcoin},
  author		={Bastiaan, Martijn},
  year			={2015}
}

@inproceedings{bahsoun2015making,
	title={Making bft protocols really adaptive},
	author={Bahsoun, Jean-Paul and Guerraoui, Rachid and Shoker, Ali},
	booktitle={2015 IEEE International Parallel and Distributed Processing Symposium},
	pages={904--913},
	year={2015},
	organization={IEEE}
}

@book{bashir2018,
	title		= {Mastering Blockchain},
	author		= {Bashir, Imran},
	year		= {2018},
	isbn		= {9781788839044},
	publisher	= {Packt},
	edition		= {2}	
}
%CCC
@inproceedings{castro1999practical,
	title		={Practical Byzantine fault tolerance},
	author		={Castro, Miguel and Liskov, Barbara and others},
	booktitle	={OSDI},
	volume		={99},
	pages		={173--186},
	year		={1999}
}

@article{clack2016smart,
	title		= {Smart contract templates: foundations, design landscape and research directions},
	author		= {Clack, Christopher D and Bakshi, Vikram A and Braine, Lee},
	journal		= {arXiv preprint arXiv:1608.00771},
	year		= {2016}
}

@article{clack2016asmart,
	title		= {Smart Contract Templates: essential requirements and design options},
	author		= {Clack, Christopher D and Bakshi, Vikram A and Braine, Lee},
	journal		= {arXiv preprint arXiv:1612.04496},
	year		= {2016}
}
@book{collinsDictionary,
	title		= {Collins Dictionary of English Language},
	editor		= {Hanks, P.},
	year		= {1986},
	edition		= {2},
	publisher	= {Collins},
	isbn		= {0004331346}
}
%%FFF
@article{ferraiolo2001proposed,
	title		= {Proposed {NIST} standard for role-based access control},
	author		= {Ferraiolo, David F and Sandhu, Ravi and Gavrila, Serban and Kuhn, D Richard and Chandramouli, Ramaswamy},
	journal		= {{ACM Transactions on Information and System Security (TISSEC)}},
	volume		= {4},
	number		= {3},
	pages		= {224--274},
	year		= {2001},
	publisher	= {ACM}
}


@book{furneaux:2018,
	title		= {Investigating Cryptocurrencies: Understanding, Extracting, and Analyzing Blockchain Evidence},
	author		= {Furneaux, N},
	year		= {2018},
	publisher	= {Wiley}
	
}

@book{gupta:2018,
	title		= {Hands-On Cybersecurity with Blockchain},
	author		= {Gupta, R.},
	publisher	= {Packt},
	year		= {2018},
	isbn		= {978-1-78899-018-9}
}


%%%GGG
@book{hyperledger:gaur2018,
	title		= {Hands-on Blockchain with Hyperledger: Building Decentralised Applications with Hyperledger Fabric and Composer},
	author		= {Gaur, Nitin and Desrosiers, Luc and Novotny, Petr and Ramakrishna, Venkatraman and O'Dowd, Anthony and Baset, Salman A.},
	publisher	= {Packt},
	year		= {2018},
	isbn		= {9781788994521}
}


@inproceedings{grigg2004ricardian,
	title		={The ricardian contract},
	author		={Grigg, I},
	booktitle	={Proceedings. First IEEE International Workshop on Electronic Contracting, 2004.},
	pages		={25--31},
	year		={2004},
	organization	={IEEE}
}

@misc{grigg2015ricardian,
	title		= {On the intersection of Ricardian and Smart Contracts},
	author		= {Grigg, I},
	howpublished	= {\url{https://iang.org/papers/intersection_ricardian_smart.html}},
	note		= {[Accessed: Aug 2019]}
}

%%%HHH
@misc{hyperledger:1,
	title		= {Hyperledger Architecture, Volume 1},
	institution	= {The Linux Foundation},
	year		= {2017},
}
@misc{hyperledger:2,
	title		= {Hyperledger Architecture, Volume 2},
	institution	= {The Linux Foundation},
	year		= {2018},
}

@article{huABAC,
author		= {Vincent C. Hu and David Ferraiolo and Rick Kuhn and Adam Schitzer and Kenneth Sandlin and Robert Miller and Karen Scarfone},
title		= {Guide to Attribute Based Access Control {(ABAC)} Definition and Considerations},
publisher	= {NIST, US Dept of Commerce},
series		= {Computer Security},
volume		= {SP 800-162},
address		= {Washington D.C.},
year		= {2014}
}





%III
@book{ethereum:infante2019,
	title		= {Building Ethereum Dapps},
	author		= {Infante, R.},
	publisher	= {Manning},
	year		= {2019},
	isbn		= {9781617295157}
}


%LLL
@article{lamport1982byzantine,
	  title={The Byzantine generals problem},
	  author={Lamport, Leslie and Shostak, Robert and Pease, Marshall},
	  journal={ACM Transactions on Programming Languages and Systems (TOPLAS)},
	  volume={4},
	  number={3},
	  pages={382--401},
	  year={1982},
	  publisher={ACM}
}


@inproceedings{castro1999practical,
	title		= {Practical Byzantine fault tolerance},
	author		= {Castro, Miguel and Liskov, Barbara and others},
	booktitle	= {OSDI},
	volume		= {99},
	number		= {1999},
	pages		= {173--186},
	year		= {1999}
}


@inproceedings{liskov:88,
	title		= {Promises: Linguistic Support for Efficient Asynchronous Procedure Calls in Distributed Systems},
	author		= {B. Liskov and L. Shrira},
	booktitle	= {Int. Conf. on Programming Language Design and Implementation (SIGPLAN'88)},
	pages		= {260\--267},
	year		= {1988}
	}

		

%MMM
@book{mead:2018,
	title		= {Learning Node.js Development},
	author		= {A. Mead},
	publisher	= {Packt},
	year		= {2018}
}


@article{mitchell:2019a,
	title 		= {{BMAR} - blockchain for medication administration records},
	author		= {I. Mitchell and S. Hara},
	editor		= {H. Jahankhani},
	journal		= {Blockchain and Clinical Trial - Securing Patient Data},
	publisher	= {Springer},
	year		= {2019},
	series		= {Advanced Sciences and Technologies for Security Applications}
	
}

@article{mitchell:2019b,
	title		= {{DappER: Decentralised Application for Exam Reviews}},
	author		= {I. Mitchell and M. Sheriff and S. Hara},
	year		= {2019},
	journal		= {Global Security, Safety and Sustainability \- The Security Challenges of the Connected World},
	series		= {Communication in Computer and Information Science},
	publisher	= { Springer}
}


@article{mitchell:2019c,
	author		= {I. Mitchell and S. Hara and H. Jahankhani and D. Neilson },
	title 		= {Blockchain of Custody, BoC},
	journal		= {Cyber Security Practitioner's Guide},
	editor		= {Hamid Jahankhani},
	publisher	= {World Scientific},
	year		= {2019}
}



%NNN
@article{nakamoto2008bitcoin,
	title		= {Bitcoin: A peer-to-peer electronic cash system},
	author		= {Nakamoto, Satoshi},
	year		= {2008}
}

@article{nguyen2018survey,
	title		= {A Survey about Consensus Algorithms Used in Blockchain.},
	author		= {Nguyen, Giang-Truong and Kim, Kyungbaek},
	journal		= {Journal of Information processing systems},
	volume		= {14},
	number		= {1},
	year		= {2018}
}


@article{north1991institutions,
	title	= {Institutions},
	author	= {North, Douglass C},
	journal	= {Journal of economic perspectives},
	volume	= {5},
	number	= {1},
	pages	= {97--112},
	year	= {1991}
}

%PPP
@book{parker:2015,
	title		= {Javascript with Promises},
	edition		= {1},
	author		= {D. Parker},
	publisher	= {{O`Reilly}},
	year		= {2015}
}

@article{pease1980reaching,
	title		= {Reaching agreement in the presence of faults},
	author		= {Pease, Marshall and Shostak, Robert and Lamport, Leslie},
	journal		= {Journal of the ACM (JACM)},
	volume		= {27},
	number		= {2},
	pages		= {228--234},
	year		= {1980},
	publisher	= {ACM}
}

%RRR
@article{rivest:md5,
	author		= {R.L. Rivest},
	title		= {The MD5 message-digest algorithm, Request for Comments (RFC1320)}, 
	publisher	= {Internet Activities Board, Internet Privacy Task Force}, 
	year		= {1992}
}

@article{rogaway:shrimpton,
	author		= {Rogaway and Shrimpton},
	title 		= {Cryptographic Hash-Function Basics: Definitions, Implications, and Separations for Preimage Resistance, Second-Preimage Resistance, and Collision Resistance},
	journal 	= {LNCS Software Encryption},
	year 		= {2004},
	publisher	= {Springer-Verlag}
}
%SSS
@misc{sawtooth:consensus,
	author		= {Hylperledger, Sawtooth},
	title		= {PBFT consensus - a pending Sawtooth RFC},
	version		= {0.1},
	howpublished	= {https://github.com/hyperledger/sawtooth-rfcs},
	publisher	= {Linux Foundation},
	note		= {[accessed: 04-AUG-19]}
}

@article{sha1,
	author		= {Federal Information Processing Standards (FIPS) 180-1},
	title		= {Secure Hash Standard},
	publisher	= {NIST, US Dept of Commerce},
	address		= {Washington D.C.},
	year		= {1996}
}



@misc{SWDGE:v3,
	author 		= { {Scientific Working Group on Digital Evidence (SWDGE)}},
	title 		= { Model Standard Operation Procedures for Computer Forensics (ver. 3)},
	version		= {3},
	howpublished	= {\url{https://www.swgde.org/}},
	note		= {[Accessed June 2016]}
}

@article{szabo1997formalizing,
	title		= {Formalizing and securing relationships on public networks},
	author		= {Szabo, Nick},
	journal		= {First Monday},
	volume		= {2},
	number		= {9},
	year		= {1997}
}
%TTT
@article{thakkar2018performance,
	title		= {Performance Benchmarking and Optimizing Hyperledger Fabric Blockchain Platform},
	author		= {Thakkar, Parth and Nathan, Senthil and Vishwanathan, Balaji},
	journal		= {arXiv preprint arXiv:1805.11390},
	year		= {2018}
}

%WWW
@book{docker:waud2018,
	title		= {Docker Quick Start Guide},
	author		= {Waud, E.},
	year		= {2018},
	publisher	= {Packt},
	isbn		= {9781789347326}
}

%YYY

@techreport{yaga2018blockchain,
	title		= {Blockchain technology overview},
	author		= {Yaga, Dylan and Mell, Peter and Roby, Nik and Scarfone, Karen},
	year		= {2018},
	institution	= {National Institute of Standards and Technology}
}
