%%%%%%%%%%%%%%%%%%%%%%%%%%%%%%%%%%%%%%%%%%%%%%%%%%
%
%
%
% 	i.mitchell@mdx.ac.uk
%	Blockchain Bibliography
%	Updated: May 2019
%
%
%%%%%%%%%%%%%%%%%%%%%%%%%%%%%%%%%%%%%%%%%%%%%%%%%%

%BBB

@inproceedings{bahsoun2015making,
	title={Making bft protocols really adaptive},
	author={Bahsoun, Jean-Paul and Guerraoui, Rachid and Shoker, Ali},
	booktitle={2015 IEEE International Parallel and Distributed Processing Symposium},
	pages={904--913},
	year={2015},
	organization={IEEE}
}

%LLL
  
@article{lamport1982byzantine,
	  title={The Byzantine generals problem},
	  author={Lamport, Leslie and Shostak, Robert and Pease, Marshall},
	  journal={ACM Transactions on Programming Languages and Systems (TOPLAS)},
	  volume={4},
	  number={3},
	  pages={382--401},
	  year={1982},
	  publisher={ACM}
}

%NNN

@article{nguyen2018survey,
  title={A Survey about Consensus Algorithms Used in Blockchain.},
  author={Nguyen, Giang-Truong and Kim, Kyungbaek},
  journal={Journal of Information processing systems},
  volume={14},
  number={1},
  year={2018}
}
  %YYY
  
  @techreport{yaga2018blockchain,
  	title		= {Blockchain technology overview},
  	author		= {Yaga, Dylan and Mell, Peter and Roby, Nik and Scarfone, Karen},
	year		= {2018},
	institution	= {National Institute of Standards and Technology}
}
